@article{joe2006generating,
  title={Generating random correlation matrices based on partial correlations},
  author={Joe, Harry},
  journal={Journal of Multivariate Analysis},
  volume={97},
  number={10},
  pages={2177--2189},
  year={2006},
  publisher={Elsevier}
}

@article{lewandowski2009generating,
  title={Generating random correlation matrices based on vines and extended onion method},
  author={Lewandowski, Daniel and Kurowicka, Dorota and Joe, Harry},
  journal={Journal of Multivariate Analysis},
  volume={100},
  number={9},
  pages={1989--2001},
  year={2009},
  publisher={Elsevier}
}



@article{ryeznik2018comparative,
  title={A comparative study of restricted randomization procedures for multiarm trials with equal or unequal treatment allocation ratios},
  author={Ryeznik, Yevgen and Sverdlov, Oleksandr},
  journal={Statistics in Medicine},
  volume={37},
  number={21},
  pages={3056--3077},
  year={2018},
  publisher={Wiley Online Library}
}

@techreport{tokuda2011visualizing,
  title={Visualizing distributions of covariance matrices},
  author={Tokuda, Tomoki and Goodrich, Ben and Van Mechelen, I and Gelman, Andrew and Tuerlinckx, F},
  year={2011},
  institution={{Columbia Universiity, New York, NY, USA}}
}


@article{zhao2015mass,
  title={Mass weighted urn designâ€”a new randomization algorithm for unequal allocations},
  author={Zhao, Wenle},
  journal={Contemporary clinical trials},
  volume={43},
  pages={209--216},
  year={2015},
  publisher={Elsevier}
}
